
   <marc:record>
      <marc:leader>     cam a22        4500</marc:leader>
      <marc:controlfield tag="001">476269849</marc:controlfield>
      <marc:controlfield tag="003">DE-576</marc:controlfield>
      <marc:controlfield tag="005">20180731053536.0</marc:controlfield>
      <marc:controlfield tag="007">tu</marc:controlfield>
      <marc:controlfield tag="008">160818s1986    xx |||||      00| ||ger c</marc:controlfield>
      <marc:datafield tag="035" ind1=" " ind2=" ">
         <marc:subfield code="a">(DE-627)1546269843</marc:subfield>
      </marc:datafield>
      <marc:datafield tag="035" ind1=" " ind2=" ">
         <marc:subfield code="a">(DE-576)476269849</marc:subfield>
      </marc:datafield>
      <marc:datafield tag="035" ind1=" " ind2=" ">
         <marc:subfield code="a">(DE-599)BSZ476269849</marc:subfield>
      </marc:datafield>
      <marc:datafield tag="035" ind1=" " ind2=" ">
         <marc:subfield code="a">(OCoLC)958031633</marc:subfield>
      </marc:datafield>
      <marc:datafield tag="040" ind1=" " ind2=" ">
         <marc:subfield code="a">DE-576</marc:subfield>
         <marc:subfield code="b">ger</marc:subfield>
         <marc:subfield code="c">DE-576</marc:subfield>
         <marc:subfield code="e">rda</marc:subfield>
      </marc:datafield>
      <marc:datafield tag="041" ind1=" " ind2=" ">
         <marc:subfield code="a">ger</marc:subfield>
      </marc:datafield>
      <marc:datafield tag="084" ind1=" " ind2=" ">
         <marc:subfield code="a">AP 81750</marc:subfield>
         <marc:subfield code="2">rvk</marc:subfield>
         <marc:subfield code="0">(DE-625)rvk/7997:</marc:subfield>
      </marc:datafield>
      <marc:datafield tag="245" ind1="1" ind2="0">
         <marc:subfield code="a">20 Jahre Tanztheater Komische Oper</marc:subfield>
         <marc:subfield code="c">herausgegeben von der Dramaturgischen Abteilung der Komischen Oper ; Redaktion: Dr. Karin Feister ; Fotos: Arwid Lagenpusch</marc:subfield>
      </marc:datafield>
      <marc:datafield tag="246" ind1="3" ind2="3">
         <marc:subfield code="a">Zwanzig Jahre Tanztheater Komische Oper</marc:subfield>
      </marc:datafield>
      <marc:datafield tag="264" ind1=" " ind2="1">
         <marc:subfield code="a">[Berlin]</marc:subfield>
         <marc:subfield code="b">[Verlag nicht ermittelbar]</marc:subfield>
         <marc:subfield code="c">1986</marc:subfield>
      </marc:datafield>
      <marc:datafield tag="300" ind1=" " ind2=" ">
         <marc:subfield code="a">60 Seiten</marc:subfield>
         <marc:subfield code="e">1 Beilage</marc:subfield>
      </marc:datafield>
      <marc:datafield tag="336" ind1=" " ind2=" ">
         <marc:subfield code="a">Text</marc:subfield>
         <marc:subfield code="b">txt</marc:subfield>
         <marc:subfield code="2">rdacontent</marc:subfield>
      </marc:datafield>
      <marc:datafield tag="337" ind1=" " ind2=" ">
         <marc:subfield code="a">ohne Hilfsmittel zu benutzen</marc:subfield>
         <marc:subfield code="b">n</marc:subfield>
         <marc:subfield code="2">rdamedia</marc:subfield>
      </marc:datafield>
      <marc:datafield tag="338" ind1=" " ind2=" ">
         <marc:subfield code="a">Band</marc:subfield>
         <marc:subfield code="b">nc</marc:subfield>
         <marc:subfield code="2">rdacarrier</marc:subfield>
      </marc:datafield>
      <marc:datafield tag="655" ind1=" " ind2="7">
         <marc:subfield code="a">Festschrift</marc:subfield>
         <marc:subfield code="0">(DE-588)4016928-5</marc:subfield>
         <marc:subfield code="0">(DE-627)104400986</marc:subfield>
         <marc:subfield code="0">(DE-576)208917802</marc:subfield>
         <marc:subfield code="2">gnd-content</marc:subfield>
      </marc:datafield>
      <marc:datafield tag="655" ind1=" " ind2="7">
         <marc:subfield code="a">Bildband</marc:subfield>
         <marc:subfield code="0">(DE-588)4145395-5</marc:subfield>
         <marc:subfield code="0">(DE-627)104450835</marc:subfield>
         <marc:subfield code="0">(DE-576)209741139</marc:subfield>
         <marc:subfield code="2">gnd-content</marc:subfield>
      </marc:datafield>
      <marc:datafield tag="689" ind1="0" ind2="0">
         <marc:subfield code="D">b</marc:subfield>
         <marc:subfield code="0">(DE-588)46015-1</marc:subfield>
         <marc:subfield code="0">(DE-627)10108191X</marc:subfield>
         <marc:subfield code="0">(DE-576)192798804</marc:subfield>
         <marc:subfield code="a">Komische Oper Berlin</marc:subfield>
         <marc:subfield code="2">gnd</marc:subfield>
      </marc:datafield>
      <marc:datafield tag="689" ind1="0" ind2="1">
         <marc:subfield code="D">s</marc:subfield>
         <marc:subfield code="0">(DE-588)4184451-8</marc:subfield>
         <marc:subfield code="0">(DE-627)105294977</marc:subfield>
         <marc:subfield code="0">(DE-576)21002576X</marc:subfield>
         <marc:subfield code="a">Tanztheater</marc:subfield>
         <marc:subfield code="2">gnd</marc:subfield>
      </marc:datafield>
      <marc:datafield tag="689" ind1="0" ind2=" ">
         <marc:subfield code="5">DE-101</marc:subfield>
      </marc:datafield>
      <marc:datafield tag="700" ind1="1" ind2=" ">
         <marc:subfield code="a">Schmidt-Feister, Karin</marc:subfield>
         <marc:subfield code="d">1955-</marc:subfield>
         <marc:subfield code="e">HerausgeberIn</marc:subfield>
         <marc:subfield code="0">(DE-588)1104385082</marc:subfield>
         <marc:subfield code="0">(DE-627)861810783</marc:subfield>
         <marc:subfield code="0">(DE-576)182009084</marc:subfield>
         <marc:subfield code="4">edt</marc:subfield>
      </marc:datafield>
      <marc:datafield tag="700" ind1="1" ind2=" ">
         <marc:subfield code="a">Lagenpusch, Arwid</marc:subfield>
         <marc:subfield code="e">FotografIn</marc:subfield>
         <marc:subfield code="4">pht</marc:subfield>
      </marc:datafield>
      <marc:datafield tag="710" ind1="2" ind2=" ">
         <marc:subfield code="a">Komische Oper Berlin</marc:subfield>
         <marc:subfield code="b">Tanztheater</marc:subfield>
         <marc:subfield code="e">GefeierteR</marc:subfield>
         <marc:subfield code="0">(DE-588)4463535-7</marc:subfield>
         <marc:subfield code="0">(DE-627)231345410</marc:subfield>
         <marc:subfield code="0">(DE-576)212698532</marc:subfield>
         <marc:subfield code="4">hnr</marc:subfield>
      </marc:datafield>
      <marc:datafield tag="710" ind1="2" ind2=" ">
         <marc:subfield code="a">Komische Oper Berlin</marc:subfield>
         <marc:subfield code="b">Dramaturgische Abteilung</marc:subfield>
         <marc:subfield code="e">Herausgebendes Organ</marc:subfield>
         <marc:subfield code="0">(DE-588)2015977-8</marc:subfield>
         <marc:subfield code="0">(DE-627)10188513X</marc:subfield>
         <marc:subfield code="0">(DE-576)191699136</marc:subfield>
         <marc:subfield code="4">isb</marc:subfield>
      </marc:datafield>
      <marc:datafield tag="936" ind1="r" ind2="v">
         <marc:subfield code="a">AP 81750</marc:subfield>
         <marc:subfield code="b">Fest- und Gedenkschriften für Institutionen</marc:subfield>
         <marc:subfield code="k">Allgemeines</marc:subfield>
         <marc:subfield code="k">Medien- und Kommunikationswissenschaften, Kommunikationsdesign</marc:subfield>
         <marc:subfield code="k">Tanz</marc:subfield>
         <marc:subfield code="k">Bibliografien, Sammelschriften</marc:subfield>
         <marc:subfield code="k">Fest- und Gedenkschriften für Institutionen</marc:subfield>
         <marc:subfield code="0">(DE-627)1270693085</marc:subfield>
         <marc:subfield code="0">(DE-625)rvk/7997:</marc:subfield>
         <marc:subfield code="0">(DE-576)200693085</marc:subfield>
      </marc:datafield>
      <marc:datafield tag="951" ind1=" " ind2=" ">
         <marc:subfield code="a">BO</marc:subfield>
      </marc:datafield>
   </marc:record>